%YAML 1.1
%TAG !u! tag:unity3d.com,2011:
--- !u!50 &2214754283881444494
Rigidbody2D:
  serializedVersion: 4
  m_ObjectHideFlags: 0
  m_CorrespondingSourceObject: {fileID: 0}
  m_PrefabInstance: {fileID: 0}
  m_PrefabAsset: {fileID: 0}
  m_GameObject: {fileID: 2519108818757397577}
  m_BodyType: 0
  m_Simulated: 1
  m_UseFullKinematicContacts: 0
  m_UseAutoMass: 0
  m_Mass: 1
  m_LinearDrag: 0
  m_AngularDrag: 0.05
  m_GravityScale: 1
  m_Material: {fileID: 0}
  m_Interpolate: 0
  m_SleepingMode: 1
  m_CollisionDetection: 0
  m_Constraints: 0
--- !u!58 &3101637135458844039
CircleCollider2D:
  m_ObjectHideFlags: 0
  m_CorrespondingSourceObject: {fileID: 0}
  m_PrefabInstance: {fileID: 0}
  m_PrefabAsset: {fileID: 0}
  m_GameObject: {fileID: 2519108818757397577}
  m_Enabled: 1
  m_Density: 1
  m_Material: {fileID: 0}
  m_IsTrigger: 0
  m_UsedByEffector: 0
  m_UsedByComposite: 0
  m_Offset: {x: 0, y: 0.007293558}
  serializedVersion: 2
  m_Radius: 0.046095897
--- !u!114 &7520496627142314052
MonoBehaviour:
  m_ObjectHideFlags: 0
  m_CorrespondingSourceObject: {fileID: 0}
  m_PrefabInstance: {fileID: 0}
  m_PrefabAsset: {fileID: 0}
  m_GameObject: {fileID: 2519108818757397577}
  m_Enabled: 1
  m_EditorHideFlags: 0
  m_Script: {fileID: 11500000, guid: cd2527499eb56b94996888009e8741ed, type: 3}
  m_Name: 
  m_EditorClassIdentifier: 
--- !u!1 &4538179654106708347
GameObject:
  m_ObjectHideFlags: 0
  m_CorrespondingSourceObject: {fileID: 0}
  m_PrefabInstance: {fileID: 0}
  m_PrefabAsset: {fileID: 0}
  serializedVersion: 6
  m_Component:
  - component: {fileID: 69462386624780431}
  m_Layer: 0
  m_Name: GemRain
  m_TagString: Untagged
  m_Icon: {fileID: 0}
  m_NavMeshLayer: 0
  m_StaticEditorFlags: 0
  m_IsActive: 1
--- !u!4 &69462386624780431
Transform:
  m_ObjectHideFlags: 0
  m_CorrespondingSourceObject: {fileID: 0}
  m_PrefabInstance: {fileID: 0}
  m_PrefabAsset: {fileID: 0}
  m_GameObject: {fileID: 4538179654106708347}
  m_LocalRotation: {x: 0, y: 0, z: 0, w: 1}
  m_LocalPosition: {x: 36.03913, y: 7.433269, z: -0.14453125}
  m_LocalScale: {x: 1, y: 1, z: 1}
  m_Children:
  - {fileID: 2906641599612280579}
  - {fileID: 5190527875463981933}
  - {fileID: 3574136010468545814}
  - {fileID: 1432824410788552515}
  - {fileID: 2674683241837274310}
  m_Father: {fileID: 0}
  m_RootOrder: 0
  m_LocalEulerAnglesHint: {x: 0, y: 0, z: 0}
--- !u!50 &1037648716498007706
Rigidbody2D:
  serializedVersion: 4
  m_ObjectHideFlags: 0
  m_CorrespondingSourceObject: {fileID: 0}
  m_PrefabInstance: {fileID: 0}
  m_PrefabAsset: {fileID: 0}
  m_GameObject: {fileID: 5756651153382908898}
  m_BodyType: 0
  m_Simulated: 1
  m_UseFullKinematicContacts: 0
  m_UseAutoMass: 0
  m_Mass: 1
  m_LinearDrag: 0
  m_AngularDrag: 0.05
  m_GravityScale: 1
  m_Material: {fileID: 0}
  m_Interpolate: 0
  m_SleepingMode: 1
  m_CollisionDetection: 0
  m_Constraints: 0
--- !u!58 &6779475114551942095
CircleCollider2D:
  m_ObjectHideFlags: 0
  m_CorrespondingSourceObject: {fileID: 0}
  m_PrefabInstance: {fileID: 0}
  m_PrefabAsset: {fileID: 0}
  m_GameObject: {fileID: 5756651153382908898}
  m_Enabled: 1
  m_Density: 1
  m_Material: {fileID: 0}
  m_IsTrigger: 0
  m_UsedByEffector: 0
  m_UsedByComposite: 0
  m_Offset: {x: 0, y: 0.007293558}
  serializedVersion: 2
  m_Radius: 0.046095897
--- !u!114 &1463780383411276645
MonoBehaviour:
  m_ObjectHideFlags: 0
  m_CorrespondingSourceObject: {fileID: 0}
  m_PrefabInstance: {fileID: 0}
  m_PrefabAsset: {fileID: 0}
  m_GameObject: {fileID: 5756651153382908898}
  m_Enabled: 1
  m_EditorHideFlags: 0
  m_Script: {fileID: 11500000, guid: cd2527499eb56b94996888009e8741ed, type: 3}
  m_Name: 
  m_EditorClassIdentifier: 
--- !u!50 &5675428905429543074
Rigidbody2D:
  serializedVersion: 4
  m_ObjectHideFlags: 0
  m_CorrespondingSourceObject: {fileID: 0}
  m_PrefabInstance: {fileID: 0}
  m_PrefabAsset: {fileID: 0}
  m_GameObject: {fileID: 6585450429557330482}
  m_BodyType: 0
  m_Simulated: 1
  m_UseFullKinematicContacts: 0
  m_UseAutoMass: 0
  m_Mass: 1
  m_LinearDrag: 0
  m_AngularDrag: 0.05
  m_GravityScale: 1
  m_Material: {fileID: 0}
  m_Interpolate: 0
  m_SleepingMode: 1
  m_CollisionDetection: 0
  m_Constraints: 0
--- !u!58 &4869721578972964078
CircleCollider2D:
  m_ObjectHideFlags: 0
  m_CorrespondingSourceObject: {fileID: 0}
  m_PrefabInstance: {fileID: 0}
  m_PrefabAsset: {fileID: 0}
  m_GameObject: {fileID: 6585450429557330482}
  m_Enabled: 1
  m_Density: 1
  m_Material: {fileID: 0}
  m_IsTrigger: 0
  m_UsedByEffector: 0
  m_UsedByComposite: 0
  m_Offset: {x: 0, y: 0.007293558}
  serializedVersion: 2
  m_Radius: 0.046095897
--- !u!114 &4058471991006198053
MonoBehaviour:
  m_ObjectHideFlags: 0
  m_CorrespondingSourceObject: {fileID: 0}
  m_PrefabInstance: {fileID: 0}
  m_PrefabAsset: {fileID: 0}
  m_GameObject: {fileID: 6585450429557330482}
  m_Enabled: 1
  m_EditorHideFlags: 0
  m_Script: {fileID: 11500000, guid: cd2527499eb56b94996888009e8741ed, type: 3}
  m_Name: 
  m_EditorClassIdentifier: 
--- !u!50 &6700718731305467567
Rigidbody2D:
  serializedVersion: 4
  m_ObjectHideFlags: 0
  m_CorrespondingSourceObject: {fileID: 0}
  m_PrefabInstance: {fileID: 0}
  m_PrefabAsset: {fileID: 0}
  m_GameObject: {fileID: 8727892172970580071}
  m_BodyType: 0
  m_Simulated: 1
  m_UseFullKinematicContacts: 0
  m_UseAutoMass: 0
  m_Mass: 1
  m_LinearDrag: 0
  m_AngularDrag: 0.05
  m_GravityScale: 1
  m_Material: {fileID: 0}
  m_Interpolate: 0
  m_SleepingMode: 1
  m_CollisionDetection: 0
  m_Constraints: 0
--- !u!58 &66372884644627237
CircleCollider2D:
  m_ObjectHideFlags: 0
  m_CorrespondingSourceObject: {fileID: 0}
  m_PrefabInstance: {fileID: 0}
  m_PrefabAsset: {fileID: 0}
  m_GameObject: {fileID: 8727892172970580071}
  m_Enabled: 1
  m_Density: 1
  m_Material: {fileID: 0}
  m_IsTrigger: 0
  m_UsedByEffector: 0
  m_UsedByComposite: 0
  m_Offset: {x: 0, y: 0.007293558}
  serializedVersion: 2
  m_Radius: 0.046095897
--- !u!114 &7767816194230861255
MonoBehaviour:
  m_ObjectHideFlags: 0
  m_CorrespondingSourceObject: {fileID: 0}
  m_PrefabInstance: {fileID: 0}
  m_PrefabAsset: {fileID: 0}
  m_GameObject: {fileID: 8727892172970580071}
  m_Enabled: 1
  m_EditorHideFlags: 0
  m_Script: {fileID: 11500000, guid: cd2527499eb56b94996888009e8741ed, type: 3}
  m_Name: 
  m_EditorClassIdentifier: 
--- !u!1001 &360901686592834029
PrefabInstance:
  m_ObjectHideFlags: 0
  serializedVersion: 2
  m_Modification:
    m_TransformParent: {fileID: 69462386624780431}
    m_Modifications:
    - target: {fileID: 8943477726822945162, guid: 46b8f9bcc74d5a74e94920ce609a67ab,
        type: 3}
      propertyPath: m_Name
      value: Gem (3)
      objectReference: {fileID: 0}
    - target: {fileID: 1648392360108480174, guid: 46b8f9bcc74d5a74e94920ce609a67ab,
        type: 3}
      propertyPath: m_LocalPosition.x
      value: 0.33
      objectReference: {fileID: 0}
    - target: {fileID: 1648392360108480174, guid: 46b8f9bcc74d5a74e94920ce609a67ab,
        type: 3}
      propertyPath: m_LocalPosition.y
      value: 4.02
      objectReference: {fileID: 0}
    - target: {fileID: 1648392360108480174, guid: 46b8f9bcc74d5a74e94920ce609a67ab,
        type: 3}
      propertyPath: m_LocalPosition.z
      value: 0
      objectReference: {fileID: 0}
    - target: {fileID: 1648392360108480174, guid: 46b8f9bcc74d5a74e94920ce609a67ab,
        type: 3}
      propertyPath: m_LocalRotation.x
      value: -0
      objectReference: {fileID: 0}
    - target: {fileID: 1648392360108480174, guid: 46b8f9bcc74d5a74e94920ce609a67ab,
        type: 3}
      propertyPath: m_LocalRotation.y
      value: -0
      objectReference: {fileID: 0}
    - target: {fileID: 1648392360108480174, guid: 46b8f9bcc74d5a74e94920ce609a67ab,
        type: 3}
      propertyPath: m_LocalRotation.z
      value: -0
      objectReference: {fileID: 0}
    - target: {fileID: 1648392360108480174, guid: 46b8f9bcc74d5a74e94920ce609a67ab,
        type: 3}
      propertyPath: m_LocalRotation.w
      value: 1
      objectReference: {fileID: 0}
    - target: {fileID: 1648392360108480174, guid: 46b8f9bcc74d5a74e94920ce609a67ab,
        type: 3}
      propertyPath: m_RootOrder
      value: 3
      objectReference: {fileID: 0}
    - target: {fileID: 1648392360108480174, guid: 46b8f9bcc74d5a74e94920ce609a67ab,
        type: 3}
      propertyPath: m_LocalEulerAnglesHint.x
      value: 0
      objectReference: {fileID: 0}
    - target: {fileID: 1648392360108480174, guid: 46b8f9bcc74d5a74e94920ce609a67ab,
        type: 3}
      propertyPath: m_LocalEulerAnglesHint.y
      value: 0
      objectReference: {fileID: 0}
    - target: {fileID: 1648392360108480174, guid: 46b8f9bcc74d5a74e94920ce609a67ab,
        type: 3}
      propertyPath: m_LocalEulerAnglesHint.z
      value: 0
      objectReference: {fileID: 0}
    m_RemovedComponents: []
  m_SourcePrefab: {fileID: 100100000, guid: 46b8f9bcc74d5a74e94920ce609a67ab, type: 3}
--- !u!1 &8727892172970580071 stripped
GameObject:
  m_CorrespondingSourceObject: {fileID: 8943477726822945162, guid: 46b8f9bcc74d5a74e94920ce609a67ab,
    type: 3}
  m_PrefabInstance: {fileID: 360901686592834029}
  m_PrefabAsset: {fileID: 0}
--- !u!4 &1432824410788552515 stripped
Transform:
  m_CorrespondingSourceObject: {fileID: 1648392360108480174, guid: 46b8f9bcc74d5a74e94920ce609a67ab,
    type: 3}
  m_PrefabInstance: {fileID: 360901686592834029}
  m_PrefabAsset: {fileID: 0}
--- !u!1001 &2844487012031071160
PrefabInstance:
  m_ObjectHideFlags: 0
  serializedVersion: 2
  m_Modification:
    m_TransformParent: {fileID: 69462386624780431}
    m_Modifications:
    - target: {fileID: 8943477726822945162, guid: 46b8f9bcc74d5a74e94920ce609a67ab,
        type: 3}
      propertyPath: m_Name
      value: Gem (2)
      objectReference: {fileID: 0}
    - target: {fileID: 1648392360108480174, guid: 46b8f9bcc74d5a74e94920ce609a67ab,
        type: 3}
      propertyPath: m_LocalPosition.x
      value: -0.77
      objectReference: {fileID: 0}
    - target: {fileID: 1648392360108480174, guid: 46b8f9bcc74d5a74e94920ce609a67ab,
        type: 3}
      propertyPath: m_LocalPosition.y
      value: -1.37
      objectReference: {fileID: 0}
    - target: {fileID: 1648392360108480174, guid: 46b8f9bcc74d5a74e94920ce609a67ab,
        type: 3}
      propertyPath: m_LocalPosition.z
      value: 0
      objectReference: {fileID: 0}
    - target: {fileID: 1648392360108480174, guid: 46b8f9bcc74d5a74e94920ce609a67ab,
        type: 3}
      propertyPath: m_LocalRotation.x
      value: -0
      objectReference: {fileID: 0}
    - target: {fileID: 1648392360108480174, guid: 46b8f9bcc74d5a74e94920ce609a67ab,
        type: 3}
      propertyPath: m_LocalRotation.y
      value: -0
      objectReference: {fileID: 0}
    - target: {fileID: 1648392360108480174, guid: 46b8f9bcc74d5a74e94920ce609a67ab,
        type: 3}
      propertyPath: m_LocalRotation.z
      value: -0
      objectReference: {fileID: 0}
    - target: {fileID: 1648392360108480174, guid: 46b8f9bcc74d5a74e94920ce609a67ab,
        type: 3}
      propertyPath: m_LocalRotation.w
      value: 1
      objectReference: {fileID: 0}
    - target: {fileID: 1648392360108480174, guid: 46b8f9bcc74d5a74e94920ce609a67ab,
        type: 3}
      propertyPath: m_RootOrder
      value: 2
      objectReference: {fileID: 0}
    - target: {fileID: 1648392360108480174, guid: 46b8f9bcc74d5a74e94920ce609a67ab,
        type: 3}
      propertyPath: m_LocalEulerAnglesHint.x
      value: 0
      objectReference: {fileID: 0}
    - target: {fileID: 1648392360108480174, guid: 46b8f9bcc74d5a74e94920ce609a67ab,
        type: 3}
      propertyPath: m_LocalEulerAnglesHint.y
      value: 0
      objectReference: {fileID: 0}
    - target: {fileID: 1648392360108480174, guid: 46b8f9bcc74d5a74e94920ce609a67ab,
        type: 3}
      propertyPath: m_LocalEulerAnglesHint.z
      value: 0
      objectReference: {fileID: 0}
    m_RemovedComponents: []
  m_SourcePrefab: {fileID: 100100000, guid: 46b8f9bcc74d5a74e94920ce609a67ab, type: 3}
--- !u!1 &6585450429557330482 stripped
GameObject:
  m_CorrespondingSourceObject: {fileID: 8943477726822945162, guid: 46b8f9bcc74d5a74e94920ce609a67ab,
    type: 3}
  m_PrefabInstance: {fileID: 2844487012031071160}
  m_PrefabAsset: {fileID: 0}
--- !u!4 &3574136010468545814 stripped
Transform:
  m_CorrespondingSourceObject: {fileID: 1648392360108480174, guid: 46b8f9bcc74d5a74e94920ce609a67ab,
    type: 3}
  m_PrefabInstance: {fileID: 2844487012031071160}
  m_PrefabAsset: {fileID: 0}
--- !u!1001 &3746473871631282792
PrefabInstance:
  m_ObjectHideFlags: 0
  serializedVersion: 2
  m_Modification:
    m_TransformParent: {fileID: 69462386624780431}
    m_Modifications:
    - target: {fileID: 8943477726822945162, guid: 46b8f9bcc74d5a74e94920ce609a67ab,
        type: 3}
      propertyPath: m_Name
      value: Gem (4)
      objectReference: {fileID: 0}
    - target: {fileID: 1648392360108480174, guid: 46b8f9bcc74d5a74e94920ce609a67ab,
        type: 3}
      propertyPath: m_LocalPosition.x
      value: 1.14
      objectReference: {fileID: 0}
    - target: {fileID: 1648392360108480174, guid: 46b8f9bcc74d5a74e94920ce609a67ab,
        type: 3}
      propertyPath: m_LocalPosition.y
      value: 1.43
      objectReference: {fileID: 0}
    - target: {fileID: 1648392360108480174, guid: 46b8f9bcc74d5a74e94920ce609a67ab,
        type: 3}
      propertyPath: m_LocalPosition.z
      value: 0
      objectReference: {fileID: 0}
    - target: {fileID: 1648392360108480174, guid: 46b8f9bcc74d5a74e94920ce609a67ab,
        type: 3}
      propertyPath: m_LocalRotation.x
      value: -0
      objectReference: {fileID: 0}
    - target: {fileID: 1648392360108480174, guid: 46b8f9bcc74d5a74e94920ce609a67ab,
        type: 3}
      propertyPath: m_LocalRotation.y
      value: -0
      objectReference: {fileID: 0}
    - target: {fileID: 1648392360108480174, guid: 46b8f9bcc74d5a74e94920ce609a67ab,
        type: 3}
      propertyPath: m_LocalRotation.z
      value: -0
      objectReference: {fileID: 0}
    - target: {fileID: 1648392360108480174, guid: 46b8f9bcc74d5a74e94920ce609a67ab,
        type: 3}
      propertyPath: m_LocalRotation.w
      value: 1
      objectReference: {fileID: 0}
    - target: {fileID: 1648392360108480174, guid: 46b8f9bcc74d5a74e94920ce609a67ab,
        type: 3}
      propertyPath: m_RootOrder
      value: 4
      objectReference: {fileID: 0}
    - target: {fileID: 1648392360108480174, guid: 46b8f9bcc74d5a74e94920ce609a67ab,
        type: 3}
      propertyPath: m_LocalEulerAnglesHint.x
      value: 0
      objectReference: {fileID: 0}
    - target: {fileID: 1648392360108480174, guid: 46b8f9bcc74d5a74e94920ce609a67ab,
        type: 3}
      propertyPath: m_LocalEulerAnglesHint.y
      value: 0
      objectReference: {fileID: 0}
    - target: {fileID: 1648392360108480174, guid: 46b8f9bcc74d5a74e94920ce609a67ab,
        type: 3}
      propertyPath: m_LocalEulerAnglesHint.z
      value: 0
      objectReference: {fileID: 0}
    m_RemovedComponents: []
  m_SourcePrefab: {fileID: 100100000, guid: 46b8f9bcc74d5a74e94920ce609a67ab, type: 3}
--- !u!1 &5756651153382908898 stripped
GameObject:
  m_CorrespondingSourceObject: {fileID: 8943477726822945162, guid: 46b8f9bcc74d5a74e94920ce609a67ab,
    type: 3}
  m_PrefabInstance: {fileID: 3746473871631282792}
  m_PrefabAsset: {fileID: 0}
--- !u!4 &2674683241837274310 stripped
Transform:
  m_CorrespondingSourceObject: {fileID: 1648392360108480174, guid: 46b8f9bcc74d5a74e94920ce609a67ab,
    type: 3}
  m_PrefabInstance: {fileID: 3746473871631282792}
  m_PrefabAsset: {fileID: 0}
--- !u!1001 &6180539412532855799
PrefabInstance:
  m_ObjectHideFlags: 0
  serializedVersion: 2
  m_Modification:
    m_TransformParent: {fileID: 69462386624780431}
    m_Modifications:
    - target: {fileID: 1688288553660603344, guid: 51139b540dd0a2b4f888b2b2bd11039d,
        type: 3}
      propertyPath: m_Name
      value: RainGem
      objectReference: {fileID: 0}
    - target: {fileID: 9048814649101901044, guid: 51139b540dd0a2b4f888b2b2bd11039d,
        type: 3}
      propertyPath: m_LocalPosition.x
      value: 0
      objectReference: {fileID: 0}
    - target: {fileID: 9048814649101901044, guid: 51139b540dd0a2b4f888b2b2bd11039d,
        type: 3}
      propertyPath: m_LocalPosition.y
      value: 0
      objectReference: {fileID: 0}
    - target: {fileID: 9048814649101901044, guid: 51139b540dd0a2b4f888b2b2bd11039d,
        type: 3}
      propertyPath: m_LocalPosition.z
      value: 0
      objectReference: {fileID: 0}
    - target: {fileID: 9048814649101901044, guid: 51139b540dd0a2b4f888b2b2bd11039d,
        type: 3}
      propertyPath: m_LocalRotation.x
      value: 0
      objectReference: {fileID: 0}
    - target: {fileID: 9048814649101901044, guid: 51139b540dd0a2b4f888b2b2bd11039d,
        type: 3}
      propertyPath: m_LocalRotation.y
      value: 0
      objectReference: {fileID: 0}
    - target: {fileID: 9048814649101901044, guid: 51139b540dd0a2b4f888b2b2bd11039d,
        type: 3}
      propertyPath: m_LocalRotation.z
      value: 0
      objectReference: {fileID: 0}
    - target: {fileID: 9048814649101901044, guid: 51139b540dd0a2b4f888b2b2bd11039d,
        type: 3}
      propertyPath: m_LocalRotation.w
      value: 1
      objectReference: {fileID: 0}
    - target: {fileID: 9048814649101901044, guid: 51139b540dd0a2b4f888b2b2bd11039d,
        type: 3}
      propertyPath: m_RootOrder
      value: 0
      objectReference: {fileID: 0}
    - target: {fileID: 9048814649101901044, guid: 51139b540dd0a2b4f888b2b2bd11039d,
        type: 3}
      propertyPath: m_LocalEulerAnglesHint.x
      value: 0
      objectReference: {fileID: 0}
    - target: {fileID: 9048814649101901044, guid: 51139b540dd0a2b4f888b2b2bd11039d,
        type: 3}
      propertyPath: m_LocalEulerAnglesHint.y
      value: 0
      objectReference: {fileID: 0}
    - target: {fileID: 9048814649101901044, guid: 51139b540dd0a2b4f888b2b2bd11039d,
        type: 3}
      propertyPath: m_LocalEulerAnglesHint.z
      value: 0
      objectReference: {fileID: 0}
    m_RemovedComponents: []
  m_SourcePrefab: {fileID: 100100000, guid: 51139b540dd0a2b4f888b2b2bd11039d, type: 3}
--- !u!4 &2906641599612280579 stripped
Transform:
  m_CorrespondingSourceObject: {fileID: 9048814649101901044, guid: 51139b540dd0a2b4f888b2b2bd11039d,
    type: 3}
  m_PrefabInstance: {fileID: 6180539412532855799}
  m_PrefabAsset: {fileID: 0}
--- !u!1001 &6838770477560823235
PrefabInstance:
  m_ObjectHideFlags: 0
  serializedVersion: 2
  m_Modification:
    m_TransformParent: {fileID: 69462386624780431}
    m_Modifications:
    - target: {fileID: 8943477726822945162, guid: 46b8f9bcc74d5a74e94920ce609a67ab,
        type: 3}
      propertyPath: m_Name
      value: Gem (1)
      objectReference: {fileID: 0}
    - target: {fileID: 1648392360108480174, guid: 46b8f9bcc74d5a74e94920ce609a67ab,
        type: 3}
      propertyPath: m_LocalPosition.x
      value: -0.69
      objectReference: {fileID: 0}
    - target: {fileID: 1648392360108480174, guid: 46b8f9bcc74d5a74e94920ce609a67ab,
        type: 3}
      propertyPath: m_LocalPosition.y
      value: 2.56
      objectReference: {fileID: 0}
    - target: {fileID: 1648392360108480174, guid: 46b8f9bcc74d5a74e94920ce609a67ab,
        type: 3}
      propertyPath: m_LocalPosition.z
      value: 0
      objectReference: {fileID: 0}
    - target: {fileID: 1648392360108480174, guid: 46b8f9bcc74d5a74e94920ce609a67ab,
        type: 3}
      propertyPath: m_LocalRotation.x
      value: -0
      objectReference: {fileID: 0}
    - target: {fileID: 1648392360108480174, guid: 46b8f9bcc74d5a74e94920ce609a67ab,
        type: 3}
      propertyPath: m_LocalRotation.y
      value: -0
      objectReference: {fileID: 0}
    - target: {fileID: 1648392360108480174, guid: 46b8f9bcc74d5a74e94920ce609a67ab,
        type: 3}
      propertyPath: m_LocalRotation.z
      value: -0
      objectReference: {fileID: 0}
    - target: {fileID: 1648392360108480174, guid: 46b8f9bcc74d5a74e94920ce609a67ab,
        type: 3}
      propertyPath: m_LocalRotation.w
      value: 1
      objectReference: {fileID: 0}
    - target: {fileID: 1648392360108480174, guid: 46b8f9bcc74d5a74e94920ce609a67ab,
        type: 3}
      propertyPath: m_RootOrder
      value: 1
      objectReference: {fileID: 0}
    - target: {fileID: 1648392360108480174, guid: 46b8f9bcc74d5a74e94920ce609a67ab,
        type: 3}
      propertyPath: m_LocalEulerAnglesHint.x
      value: 0
      objectReference: {fileID: 0}
    - target: {fileID: 1648392360108480174, guid: 46b8f9bcc74d5a74e94920ce609a67ab,
        type: 3}
      propertyPath: m_LocalEulerAnglesHint.y
      value: 0
      objectReference: {fileID: 0}
    - target: {fileID: 1648392360108480174, guid: 46b8f9bcc74d5a74e94920ce609a67ab,
        type: 3}
      propertyPath: m_LocalEulerAnglesHint.z
      value: 0
      objectReference: {fileID: 0}
    m_RemovedComponents: []
  m_SourcePrefab: {fileID: 100100000, guid: 46b8f9bcc74d5a74e94920ce609a67ab, type: 3}
--- !u!1 &2519108818757397577 stripped
GameObject:
  m_CorrespondingSourceObject: {fileID: 8943477726822945162, guid: 46b8f9bcc74d5a74e94920ce609a67ab,
    type: 3}
  m_PrefabInstance: {fileID: 6838770477560823235}
  m_PrefabAsset: {fileID: 0}
--- !u!4 &5190527875463981933 stripped
Transform:
  m_CorrespondingSourceObject: {fileID: 1648392360108480174, guid: 46b8f9bcc74d5a74e94920ce609a67ab,
    type: 3}
  m_PrefabInstance: {fileID: 6838770477560823235}
  m_PrefabAsset: {fileID: 0}
